@article{Killian1926,
author = {Killian, Thomas},
doi = {10.1103/PhysRev.27.578},
issn = {0031-899X},
journal = {Physical Review},
month = may,
number = {5},
pages = {578--587},
title = {Thermionic phenomena caused by vapors of rubidium and potassium},
url = {http://link.aps.org/doi/10.1103/PhysRev.27.578},
volume = {27},
year = {1926}
}

@article{Franzen1957,
  title = {Atomic orientation by optical pumping},
  author = {Franzen, W. and Emslie, A. G.},
  journal = {Physical Review},
  volume = {108},
  issue = {6},
  pages = {1453--1458},
  numpages = {0},
  year = {1957},
  month = dec,
  publisher = {American Physical Society},
  doi = {10.1103/PhysRev.108.1453},
  url = {http://link.aps.org/doi/10.1103/PhysRev.108.1453}
}

@article{Happer1972,
  title = {Optical pumping},
  author = {Happer, William},
  journal = {Reviews of Modern Physics},
  volume = {44},
  issue = {2},
  pages = {169--249},
  numpages = {0},
  year = {1972},
  month = apr,
  publisher = {American Physical Society},
  doi = {10.1103/RevModPhys.44.169},
  url = {http://link.aps.org/doi/10.1103/RevModPhys.44.169}
}

@article{Happer1987,
author = {Happer, W. and Wijngaarden, W. a.},
doi = {10.1007/BF02394855},
issn = {0304-3843},
journal = {Hyperfine Interactions},
month = dec,
number = {1-4},
pages = {435--470},
title = {An optical pumping primer},
url = {http://link.springer.com/10.1007/BF02394855},
volume = {38},
year = {1987}
}
@article{lerumeur-mri-1987,
author = {Rumeur, E.Le and de Certaines, J and Toulouse, P and Rochcongar, P},
doi = {10.1016/0730-725X(87)90003-8},
issn = {0730725X},
journal = {Magnetic Resonance Imaging},
month = jan,
number = {4},
pages = {267--272},
title = {Water phases in rat striated muscles as determined by T$_2$ proton NMR relaxation times},
url = {http://linkinghub.elsevier.com/retrieve/pii/0730725X87900038},
volume = {5},
year = {1987}
}
@article{song-jmr-2002,
author = {Song, Y-Q and Venkataramanan, Lalitha and H\"{u}rlimann, Martin D and Flaum, Mark and Frulla, Phil and Straley, Christian},
doi = {10.1006/jmre.2001.2474},
issn = {1090-7807},
journal = {Journal of Magnetic Resonance},
month = feb,
number = {2},
pages = {261--8},
pmid = {11846583},
title = {T$_1$--T$_2$) correlation spectra obtained using a fast two-dimensional Laplace inversion.},
url = {http://www.ncbi.nlm.nih.gov/pubmed/11846583},
volume = {154},
year = {2002}
}
@article{Nichols1988,
author = {Nichols, E. a. and Morrison, H. F. and Clarke, J.},
doi = {10.1029/JB093iB11p13743},
issn = {0148-0227},
journal = {Journal of Geophysical Research},
number = {B11},
pages = {13743},
title = {Signals and noise in measurements of low-frequency geomagnetic fields},
url = {http://doi.wiley.com/10.1029/JB093iB11p13743},
volume = {93},
year = {1988}
}
@article{Allred2002,
  title = {High-sensitivity atomic magnetometer unaffected by spin-exchange relaxation},
  author = {Allred, J. C. and Lyman, R. N. and Kornack, T. W. and Romalis, M. V.},
  journal = {Physical Review Letters},
  volume = {89},
  issue = {13},
  pages = {130801},
  numpages = {4},
  year = {2002},
  month = sep,
  publisher = {American Physical Society},
  doi = {10.1103/PhysRevLett.89.130801},
  url = {http://link.aps.org/doi/10.1103/PhysRevLett.89.130801}
}
@article{kominis-nature-2003,
author = {Kominis, Iannis K and Kornack, Thomas W and Allred, J C and Romalis, Michael V},
doi = {10.1038/nature01484},
issn = {0028-0836},
journal = {Nature},
month = apr,
number = {6932},
pages = {596--9},
pmid = {12686995},
title = {A subfemtotesla multichannel atomic magnetometer.},
url = {http://www.ncbi.nlm.nih.gov/pubmed/12686995},
volume = {422},
year = {2003}
}
@article{Dubbers1986,
author = {Dubbers, D.},
doi = {10.1016/0168-9002(86)90989-7},
issn = {01689002},
journal = {Nuclear Instruments and Methods in Physics Research Section A: Accelerators, Spectrometers, Detectors and Associated Equipment},
month = mar,
number = {2-3},
pages = {511--517},
title = {Simple formula for multiple mu-metal shields},
url = {http://linkinghub.elsevier.com/retrieve/pii/0168900286909897},
volume = {243},
year = {1986}
}
@article{hurlimann-jcis-2006,
author = {H\"{u}rlimann, Martin D and Burcaw, Lauren and Song, Yi-Qiao},
doi = {10.1016/j.jcis.2005.10.047},
issn = {0021-9797},
journal = {Journal of Colloid and Interface Science},
month = may,
number = {1},
pages = {303--11},
pmid = {16300777},
title = {Quantitative characterization of food products by two-dimensional D-T$_2$ and T$_1$-T$_2$ distribution functions in a static gradient.},
url = {http://www.ncbi.nlm.nih.gov/pubmed/16300777},
volume = {297},
year = {2006}
}
@article{Butler1981,
author = {Butler, J. P. and Reeds, J. A. and Dawson, S. V.},
doi = {10.1137/0718025},
issn = {0036-1429},
journal = {SIAM Journal on Numerical Analysis},
month = jun,
number = {3},
pages = {381--397},
title = {Estimating solutions of first kind integral equations with nonnegative constraints and optimal smoothing},
url = {http://epubs.siam.org/doi/pdf/10.1137/0718025},
volume = {18},
year = {1981}
}
@article{Venkataramanan2002,
author = {Venkataramanan, Lalitha and Hurlimann, M.D.},
doi = {10.1109/78.995059},
issn = {1053587X},
journal = {IEEE Transactions on Signal Processing},
month = may,
number = {5},
pages = {1017--1026},
title = {Solving Fredholm integrals of the first kind with tensor product structure in 2 and 2.5 dimensions},
url = {http://ieeexplore.ieee.org/xpls/abs\_all.jsp?arnumber=995059},
volume = {50},
year = {2002}
}
@article{blumich-mri-mouse-1998,
author = {Bl\"{u}mich, Bernard and Bl\"{u}mler, Peter and Eidmann, G and Guthausen, A and Haken, R and Schmitz, U and Saito, K and Zimmer, G},
doi = {10.1016/S0730-725X(98)00069-1},
issn = {0730725X},
journal = {Magnetic Resonance Imaging},
month = jun,
number = {5-6},
pages = {479--484},
title = {The NMR-mouse: construction, excitation, and applications},
url = {http://linkinghub.elsevier.com/retrieve/pii/S0730725X98000691},
volume = {16},
year = {1998}
}
@article{guthausen-jaocs-2004,
author = {Guthausen, Andreas and Guthausen, Gisela and Kamlowski, Andreas and Todt, Harald and Burk, Wolfgang and Schmalbein, Dieter},
doi = {10.1007/s11746-004-0969-5},
issn = {0003-021X},
journal = {Journal of the American Oil Chemists' Society},
month = aug,
number = {8},
pages = {727--731},
title = {Measurement of fat content of food with single-sided NMR},
url = {http://link.springer.com/10.1007/s11746-004-0969-5},
volume = {81},
year = {2004}
}
@article{kopf-biophys-1996,
author = {K\"{o}pf, M and Corinth, C and Haferkamp, O and Nonnenmacher, T F},
doi = {10.1016/S0006-3495(96)79865-X},
issn = {0006-3495},
journal = {Biophysical journal},
month = jun,
number = {6},
pages = {2950--8},
pmid = {8744333},
title = {Anomalous diffusion of water in biological tissues.},
url = {http://www.pubmedcentral.nih.gov/articlerender.fcgi?artid=1225275\&tool=pmcentrez\&rendertype=abstract},
volume = {70},
year = {1996}
}
@article{Alcock1984,
author = {Alcock, C. B. and Itkin, V. P. and Horrigan, M. K.},
doi = {10.1179/000844384795483058},
issn = {00084433},
journal = {Canadian Metallurgical Quarterly},
month = jul,
number = {3},
pages = {309--313},
title = {Vapour pressure equations for the metallic elements: 298–2500K},
url = {http://www.ingentaconnect.com/content/maney/cmq/1984/00000023/00000003/art00009 http://openurl.ingenta.com/content/xref?genre=article\&issn=0008-4433\&volume=23\&issue=3\&spage=309},
volume = {23},
year = {1984}
}
@article{Song2002,
author = {Song, Y-Q and Venkataramanan, L and H\"{u}rlimann, M D and Flaum, M and Frulla, P and Straley, C},
doi = {10.1006/jmre.2001.2474},
issn = {1090-7807},
journal = {Journal of Magnetic Resonance},
month = feb,
number = {2},
pages = {261--8},
pmid = {11846583},
title = {T$_1$-T$_2$ correlation spectra obtained using a fast two-dimensional Laplace inversion.},
url = {http://www.ncbi.nlm.nih.gov/pubmed/11846583},
volume = {154},
year = {2002}
}
@article{hurlimann-jmr-2001,
author = {H\"{u}rlimann, Martin D},
doi = {10.1006/jmre.2000.2263},
issn = {1090-7807},
journal = {Journal of Magnetic Resonance},
month = feb,
number = {2},
pages = {367--78},
pmid = {11237644},
title = {Diffusion and relaxation effects in general stray field NMR experiments.},
url = {http://www.ncbi.nlm.nih.gov/pubmed/11237644},
volume = {148},
year = {2001}
}
@article{michalak-mrm-2011,
author = {Michalak, David J and Xu, Shoujun and Lowery, Thomas J and Crawford, Chip W and Ledbetter, Micah and Bouchard, Louis-S and Wemmer, David E and Budker, Dmitry and Pines, Alexander},
doi = {10.1002/mrm.22811},
issn = {1522-2594},
journal = {Magnetic resonance in medicine},
month = aug,
number = {2},
pages = {605--8},
pmid = {21433067},
title = {Relaxivity of gadolinium complexes detected by atomic magnetometry.},
url = {http://www.ncbi.nlm.nih.gov/pubmed/21433067},
volume = {66},
year = {2011}
}
@article{mitchell-2012,
author = {Mitchell, J and Chandrasekera, T C and Gladden, L F},
doi = {10.1016/j.pnmrs.2011.07.002},
issn = {1873-3301},
journal = {Progress in nuclear magnetic resonance spectroscopy},
month = apr,
pages = {34--50},
pmid = {22364615},
title = {Numerical estimation of relaxation and diffusion distributions in two dimensions.},
url = {http://www.ncbi.nlm.nih.gov/pubmed/22364615},
volume = {62},
year = {2012}
}
@article{Ledbetter2011,
author = {Ledbetter, Micah and Theis, Thomas and Blanchard, John and Ring, Hattie and Ganssle, Paul and Appelt, Stephan and Bluemich, Bernhard and Pines, Alex and Budker, Dmitry},
journal = {Physical Review Letters},
number = {10},
pages = {5},
publisher = {American Physical Society},
title = {Near-zero-field nuclear magnetic resonance},
url = {http://arxiv.org/abs/1107.1706},
volume = {107},
year = {2011}
}
@article{resing-jcp-1965,
author = {Resing, H A},
doi = {10.1063/1.1696791},
issn = {00219606},
journal = {The Journal of Chemical Physics},
number = {2},
pages = {669},
title = {Apparent phase—transition effect in the NMR spin—spin relaxation time caused by a distribution of correlation times},
url = {http://scitation.aip.org/content/aip/journal/jcp/43/2/10.1063/1.1696791},
volume = {43},
year = {1965}
}
@article{seland-mri-2005,
author = {Seland, John Georg and Bruvold, Morten and Anthonsen, Henrik and Brurok, Heidi and Nordh\o y, Wibeke and Jynge, Per and Krane, Jostein},
doi = {10.1016/j.mri.2004.11.062},
issn = {0730-725X},
journal = {Magnetic Resonance Imaging},
month = feb,
number = {2},
pages = {353--4},
pmid = {15833645},
title = {Determination of water compartments in rat myocardium using combined D-T$_1$ and T$_1$-T$_2$ experiments},
url = {http://www.ncbi.nlm.nih.gov/pubmed/15833645},
volume = {23},
year = {2005}
}
@inbook{f-exp-pulse-nmr,
author = {Fukushima, Eiichi and Roeder, Stephen B W},
book = {Experimental Pulse NMR},
isbn = {0201627264},
pages = {197--201},
year = {1993}
}
@article{Hartwig2011,
author = {Hartwig, Stefan and Voigt, Jens and Scheer, Hans-J\"{u}rgen and Albrecht, Hans-Helge and Burghoff, Martin and Trahms, Lutz},
doi = {10.1063/1.3623024},
issn = {10897690},
journal = {The Journal of Chemical Physics},
number = {5},
pages = {054201},
pmid = {21823693},
title = {Nuclear magnetic relaxation in water revisited},
url = {http://www.ncbi.nlm.nih.gov/pubmed/21823693},
volume = {135},
year = {2011}
}
@article{shah-natphotonics-2007,
author = {Shah, Vishal and Knappe, Svenja and Schwindt, Peter D D and Kitching, John},
doi = {10.1038/nphoton.2007.201},
issn = {1749-4885},
journal = {Nature Photonics},
month = nov,
number = {11},
pages = {649--652},
title = {Subpicotesla atomic magnetometry with a microfabricated vapour cell},
url = {http://www.nature.com/doifinder/10.1038/nphoton.2007.201},
volume = {1},
year = {2007}
}
@book{single-sided-nmr,
editor = {Casanova, Frederico and Perlo, Juan and Bl\"{u}mich, Bernhard},
isbn = {978-3642163067},
publisher = {Springer},
title = {Single-Sided NMR},
year = {2011}
}
@article{Lee2008,
author = {Lee, S.-K. and Romalis, M. V.},
doi = {10.1063/1.2885711},
issn = {00218979},
journal = {Journal of Applied Physics},
number = {8},
pages = {084904},
title = {Calculation of magnetic field noise from high-permeability magnetic shields and conducting objects with simple geometry},
url = {http://link.aip.org/link/JAPIAU/v103/i8/p084904/s1\&Agg=doi},
volume = {103},
year = {2008}
}
@article{carr-purcell-1954,
author = {Carr, H. and Purcell, E.},
doi = {10.1103/PhysRev.94.630},
issn = {0031-899X},
journal = {Physical Review},
month = may,
number = {3},
pages = {630--638},
title = {Effects of diffusion on free precession in nuclear magnetic resonance experiments},
url = {http://link.aps.org/doi/10.1103/PhysRev.94.630},
volume = {94},
year = {1954}
}
@article{defries-jcp-1977,
author = {DeFries, T. and Jonas, J},
doi = {10.1063/1.433995},
issn = {00219606},
journal = {The Journal of Chemical Physics},
number = {3},
pages = {896},
title = {Pressure dependence of NMR proton spin–lattice relaxation times and shear viscosity in liquid water in the temperature range -15--10 \degsym C},
url = {http://scitation.aip.org/content/aip/journal/jcp/66/3/10.1063/1.433995},
volume = {66},
year = {1977}
}
@article{jackson-JMR-1980,
author = {Jackson, Jasper A and Burnett, Lowell J and Harmon, J.Frank},
doi = {10.1016/0022-2364(80)90298-X},
issn = {00222364},
journal = {Journal of Magnetic Resonance},
month = dec,
number = {3},
pages = {411--421},
title = {Remote (inside-out) NMR. III. Detection of nuclear magnetic resonance in a remotely produced region of homogeneous magnetic field},
url = {http://linkinghub.elsevier.com/retrieve/pii/002223648090298X},
volume = {41},
year = {1980}
}
@article{Wu1986,
author = {Wu, Z. and Kitano, M and Happer, W and Hou, M and Daniels, J.},
doi = {10.1364/AO.25.004483},
issn = {0003-6935},
journal = {Applied Optics},
month = dec,
number = {23},
pages = {4483},
pmid = {18235813},
title = {Optical determination of alkali metal vapor number density using Faraday rotation},
url = {http://www.opticsinfobase.org/abstract.cfm?\&id=29900 http://www.ncbi.nlm.nih.gov/pubmed/18235813 http://www.opticsinfobase.org/abstract.cfm?URI=ao-25-23-4483},
volume = {25},
year = {1986}
}
@article{Tofts2000,
author = {Tofts, P S and Lloyd, D and Clark, C a and Barker, G J and Parker, G J and McConville, P and Baldock, C and Pope, J M},
doi = {10.1002/(SICI)1522-2594(200003)43:3<368::AID-MRM8>3.0.CO;2-B},
issn = {0740-3194},
journal = {Magnetic Resonance in Medicine},
month = mar,
number = {3},
pages = {368--74},
pmid = {10725879},
title = {Test liquids for quantitative MRI measurements of self-diffusion coefficient in vivo.},
url = {http://www.ncbi.nlm.nih.gov/pubmed/10725879},
volume = {43},
year = {2000}
}
@article{appelt-natphys-2006,
author = {Appelt, Stephan and K\"{u}hn, Holger and H\"{a}sing, F Wolfgang and Bl\"{u}mich, Bernhard},
doi = {10.1038/nphys211},
issn = {1745-2473},
journal = {Nature Physics},
month = jan,
number = {2},
pages = {105--109},
title = {{Chemical analysis by ultrahigh-resolution nuclear magnetic resonance in the Earth's magnetic field}},
url = {http://www.nature.com/doifinder/10.1038/nphys211},
volume = {2},
year = {2006}
}
@article{Ewing1969,
author = {Ewing, Curtis T. and Chang, David and Stone, Jack Porter and Spann, Joseph R. and Miller, Roman Rodney},
doi = {10.1021/je60041a009},
issn = {0021-9568},
journal = {Journal of Chemical \& Engineering Data},
month = apr,
number = {2},
pages = {210--214},
title = {New method of correlating the vapor pressures of alkali metals over the temperature range 400 to 2500 F},
url = {http://pubs.acs.org/doi/abs/10.1021/je60041a009},
volume = {14},
year = {1969}
}
@article{Jackson1980,
author = {Jackson, Jasper a and Burnett, Lowell J and Harmon, J.Frank},
doi = {10.1016/0022-2364(80)90298-X},
issn = {00222364},
journal = {Journal of Magnetic Resonance},
month = dec,
number = {3},
pages = {411--421},
title = {Remote (inside-out) NMR. III. Detection of nuclear magnetic resonance in a remotely produced region of homogeneous magnetic field},
url = {http://linkinghub.elsevier.com/retrieve/pii/002223648090298X},
volume = {41},
year = {1980}
}
@article{hurlimann-jmr-2000,
author = {H\"{u}rlimann, Martin D and Griffin, D D},
doi = {10.1006/jmre.1999.1967},
issn = {1090-7807},
journal = {Journal of Magnetic Resonance},
month = mar,
number = {1},
pages = {120--35},
pmid = {10698653},
title = {Spin dynamics of Carr-Purcell-Meiboom-Gill-like sequences in grossly inhomogeneous B$_0$ and B$_1$ fields and application to NMR well logging},
url = {http://www.ncbi.nlm.nih.gov/pubmed/10698653},
volume = {143},
year = {2000}
}
@article{Budker2007,
author = {Budker, D and Romalis, M},
journal = {Nature Physics},
pages = {227--234},
title = {Optical magnetometry},
url = {http://www.nature.com/nphys/journal/v3/n4/abs/nphys566.html},
year = {2007}
}
@article{brd-siam-1981,
author = {Butler, James P and Reeds, James A and Dawson, Stanley V},
doi = {10.1137/0718025},
issn = {0036-1429},
journal = {SIAM Journal on Numerical Analysis},
month = jun,
number = {3},
pages = {381--397},
title = {Estimating Solutions of First Kind Integral Equations with Nonnegative Constraints and Optimal Smoothing},
url = {http://epubs.siam.org/doi/abs/10.1137/0718025},
volume = {18},
year = {1981}
}
@article{Mitchell2012,
author = {Mitchell, J and Chandrasekera, T C and Gladden, L F},
doi = {10.1016/j.pnmrs.2011.07.002},
issn = {1873-3301},
journal = {Progress in Nuclear Magnetic Resonance Spectroscopy},
month = apr,
pages = {34--50},
pmid = {22364615},
publisher = {Elsevier B.V.},
title = {Numerical estimation of relaxation and diffusion distributions in two dimensions.},
url = {http://www.ncbi.nlm.nih.gov/pubmed/22364615},
volume = {62},
year = {2012}
}
@inbook{savukov-optical-magnetometry-2013,
author = {Savukov, Igor and Seltzer, Scott Jeffrey},
booktitle = {Optical Magnetometry},
chapter = {5},
edition = {1},
editor = {Budker, Dmitry and Kimball, Derek F Jackson},
isbn = {978-1107010352},
pages = {85--103},
publisher = {Cambridge University Press},
title = {Spin-exchange-relaxation-free (SERF) magnetometers},
year = {2013}
}
@article{Happer1973,
author = {Happer, W. and Tang, H.},
doi = {10.1103/PhysRevLett.31.273},
issn = {0031-9007},
journal = {Physical Review Letters},
month = jul,
number = {5},
pages = {273--276},
title = {Spin-Exchange Shift and Narrowing of Magnetic Resonance Lines in Optically Pumped Alkali Vapors},
url = {http://link.aps.org/doi/10.1103/PhysRevLett.31.273},
volume = {31},
year = {1973}
}
@article{Savukov2007,
author = {Savukov, I M and Seltzer, S J and Romalis, M V},
doi = {10.1016/j.jmr.2006.12.012},
issn = {1090-7807},
journal = {Journal of Magnetic Resonance},
month = apr,
number = {2},
pages = {214--20},
pmid = {17208476},
title = {Detection of NMR signals with a radio-frequency atomic magnetometer.},
url = {http://www.ncbi.nlm.nih.gov/pubmed/17208476},
volume = {185},
year = {2007}
}
@article{Ledbetter2008,
author = {Ledbetter, M P and Savukov, I M and Budker, D and Shah, V and Knappe, S and Kitching, J and Michalak, D J and Xu, S and Pines, A},
doi = {10.1073/pnas.0711505105},
issn = {1091-6490},
journal = {Proceedings of the National Academy of Sciences of the United States of America},
month = feb,
number = {7},
pages = {2286--90},
pmid = {18287080},
title = {Zero-field remote detection of NMR with a microfabricated atomic magnetometer.},
url = {http://www.pubmedcentral.nih.gov/articlerender.fcgi?artid=2268128\&tool=pmcentrez\&rendertype=abstract},
volume = {105},
year = {2008}
}
@article{Song2007,
author = {Song, Yi-Qiao},
doi = {10.1016/j.mri.2006.11.023},
issn = {0730-725X},
journal = {Magnetic Resonance Imaging},
month = may,
number = {4},
pages = {445--8},
pmid = {17466760},
title = {Resolution and uncertainty of Laplace inversion spectrum},
url = {http://www.ncbi.nlm.nih.gov/pubmed/17466760},
volume = {25},
year = {2007}
}
@article{Theis2011,
archivePrefix = {arXiv},
arxivId = {1102.5378},
author = {Theis, Thomas and Ganssle, Paul and Kervern, Gwendal and Knappe, Svenja and Kitching, John and Ledbetter, M. P. and Budker, Dmitry and Pines, Alex},
doi = {10.1038/nphys1986},
eprint = {1102.5378},
issn = {1745-2473},
journal = {Nature Physics},
month = may,
number = {7},
pages = {571--575},
title = {{Parahydrogen-enhanced zero-field nuclear magnetic resonance}},
url = {http://www.nature.com/doifinder/10.1038/nphys1986},
volume = {7},
year = {2011}
}

@article{ledbetter-pnas-2007,
author = {Ledbetter, Micah P and Savukov, Igor M and Budker, Dmitry and Shah, Vishal and Knappe, Svenja and Kitching, John and Michalak, David J and Xu, Shojun and Pines, Alexander},
doi = {10.1073/pnas.0711505105},
issn = {1091-6490},
journal = {Proceedings of the National Academy of Sciences of the United States of America},
month = feb,
number = {7},
pages = {2286--90},
pmid = {18287080},
title = {Zero-field remote detection of NMR with a microfabricated atomic magnetometer.},
url = {http://www.pubmedcentral.nih.gov/articlerender.fcgi?artid=2268128\&tool=pmcentrez\&rendertype=abstract},
volume = {105},
year = {2008}
}
@inbook{song-nmr-chemical-engineering-2006,
author = {Song, Yi-Qiao},
booktitle = {NMR Imaging in Chemical Engineering},
chapter = {2.7.1},
edition = {1},
editor = {Stapf, Siegfried and Han, Song-I},
isbn = {978-3527312344},
pages = {163--182},
publisher = {Wiley-VCH},
title = {Novel Two Dimensional NMR of Diffusion and Relaxation for Material Characterization},
year = {2006}
}
@book{Levitt2008,
address = {New York},
author = {Levitt, Malcolm H},
edition = {2nd},
isbn = {978-0470511176},
pages = {744},
publisher = {Wiley},
title = {Spin Dynamics},
url = {http://www.wiley.com/WileyCDA/WileyTitle/productCd-0470511176.html},
year = {2008}
}
@article{Ginsberg1970,
author = {Ginsberg, D. M. and Melchner, M. J.},
doi = {10.1063/1.1684235},
journal = {Review of Scientific Instruments},
number = {1},
pages = {122--123},
title = {Optimum geometry of saddle shaped coils for generating a uniform magnetic field},
url = {http://link.aip.org/link/?RSINAK/41/122/1 http://rsi.aip.org/resource/1/rsinak/v41/i1/p122\_s1},
volume = {41},
year = {1970}
}

@article{Seltzer2004,
author = {Seltzer, S. J. and Romalis, M. V.},
doi = {10.1063/1.1814434},
issn = {00036951},
journal = {Applied Physics Letters},
number = {20},
pages = {4804},
title = {Unshielded three-axis vector operation of a spin-exchange-relaxation-free atomic magnetometer},
url = {http://link.aip.org/link/APPLAB/v85/i20/p4804/s1\&Agg=doi},
volume = {85},
year = {2004}
}
@phdthesis{Seltzer2008,
author = {Seltzer, Scott Jeffrey},
school = {Princeton University},
title = {Developments in Alkali-Metal Atomic Magnetometry},
url = {http://adsabs.harvard.edu/abs/2008PhDT.......309S},
isbn={9780549933557},
year = {2008}
}
@article{savukov-jmr-2007,
author = {Savukov, Igor M and Seltzer, Scott J and Romalis, Michael V},
doi = {10.1016/j.jmr.2006.12.012},
issn = {1090-7807},
journal = {Journal of Magnetic Resonance},
month = apr,
number = {2},
pages = {214--20},
pmid = {17208476},
title = {Detection of NMR signals with a radio-frequency atomic magnetometer.},
url = {http://www.ncbi.nlm.nih.gov/pubmed/17208476},
volume = {185},
year = {2007}
}
@article{hartwig-2011,
author = {Hartwig, Stefan and Voigt, Jens and Scheer, Hans-J\"{u}rgen and Albrecht, Hans-Helge and Burghoff, Martin and Trahms, Lutz},
doi = {10.1063/1.3623024},
issn = {1089-7690},
journal = {The Journal of Chemical Physics},
month = aug,
number = {5},
pages = {054201},
pmid = {21823693},
title = {Nuclear magnetic relaxation in water revisited.},
url = {http://www.ncbi.nlm.nih.gov/pubmed/21823693},
volume = {135},
year = {2011}
}
@incollection{hurlimann-emr-2012,
author = {H\"{u}rlimann, Martin D.},
booktitle = {Encyclopedia of Magnetic Resonance},
doi = {10.1002/9780470034590.emrstm0593.pub2},
publisher = {John Wiley and Sons, Ltd},
title = {Well Logging},
year = {2012}
}
@article{bentum-2011,
author = {van Bentum, P J M and van der Heijden, G H A and Villanueva-Garibay, J A and Kentgens, A P M},
doi = {10.1039/c1cp22002k},
issn = {1463-9084},
journal = {Physical Chemistry Chemical Physics},
month = oct,
number = {39},
pages = {17831--40},
pmid = {21897961},
title = {Quantitative analysis of high field liquid state Dynamic Nuclear Polarization.},
url = {http://www.ncbi.nlm.nih.gov/pubmed/21897961},
volume = {13},
year = {2011}
}
@article{kleinberg-cmr-2001,
author = {Kleinberg, Robert L and Jackson, Jasper A},
doi = {10.1002/cmr.1018},
issn = {1043-7347},
journal = {Concepts in Magnetic Resonance},
number = {6},
pages = {340--342},
title = {An introduction to the history of NMR well logging},
url = {http://doi.wiley.com/10.1002/cmr.1018},
volume = {13},
year = {2001}
}
@article{Hindman1973,
author = {Hindman, J.C. and Svirmickas, A and Wood, M},
doi = {10.1063/1.1680209},
journal = {The Journal of Chemical Physics},
number = {3},
pages = {1517--1522},
title = {Relaxation processes in water. A study of the proton spin lattice relaxation time},
url = {http://jcp.aip.org/resource/1/jcpsa6/v59/i3/p1517\_s1},
volume = {59},
year = {1973}
}
@article{Savukov2005,
author = {Savukov, I. and Romalis, M.},
doi = {10.1103/PhysRevLett.94.123001},
issn = {0031-9007},
journal = {Physical Review Letters},
month = mar,
number = {12},
pages = {123001},
title = {NMR detection with an atomic magnetometer},
url = {http://link.aps.org/doi/10.1103/PhysRevLett.94.123001},
volume = {94},
year = {2005}
}
@article{Simpson1958,
author = {Simpson, JH and Carr, HY},
journal = {Physical Review},
number = {1954},
title = {Diffusion and nuclear spin relaxation in water},
url = {http://prola.aps.org/abstract/PR/v111/i5/p1201\_1},
volume = {630},
year = {1958}
}
@article{vanderweerd-jmr-2002,
author = {van der Weerd, Louise and Melnikov, Sergey M and Vergeldt, Frank J and Novikov, Eugene G and {Van As}, Henk},
doi = {10.1006/jmre.2002.2550},
issn = {10907807},
journal = {Journal of Magnetic Resonance},
month = jun,
number = {2},
pages = {213--221},
title = {Modelling of self-diffusion and relaxation time NMR in multicompartment systems with cylindrical geometry},
url = {http://linkinghub.elsevier.com/retrieve/pii/S1090780702925504},
volume = {156},
year = {2002}
}

@article{Schwindt2004,
   author = "Schwindt, Peter D. D. and Knappe, Svenja and Shah, Vishal and Hollberg, Leo and Kitching, John and Liew, Li-Anne and Moreland, John",
   title = "Chip-scale atomic magnetometer",
   journal = "Applied Physics Letters",
   year = "2004",
   volume = "85",
   number = "26", 
   pages = "6409-6411",
   url = "http://scitation.aip.org/content/aip/journal/apl/85/26/10.1063/1.1839274",
   doi = "10.1063/1.1839274" 
}

@article{Carusotto1984, 
author = {S. Carusotto and E. Iacopini and E. Polacco and F. Scuri and G. Stefanini and E. Zavattini}, 
journal = {Journal of the Optical Society of America B}, 
number = {4}, 
pages = {635--640}, 
publisher = {OSA},
title = {Measurement of the magnetic birefringence of noble gases}, 
volume = {1}, 
month = aug,
year = {1984},
url = {http://josab.osa.org/abstract.cfm?URI=josab-1-4-635},
doi = {10.1364/JOSAB.1.000635},
}

@article{Mhaskar2012,
author = {Mhaskar, R. and Knappe, S. and Kitching, J.},
doi = {10.1063/1.4770361},
issn = {00036951},
journal = {Applied Physics Letters},
number = {24},
pages = {241105},
title = {A low-power, high-sensitivity micromachined optical magnetometer},
url = {http://scitation.aip.org/content/aip/journal/apl/101/24/10.1063/1.4770361},
volume = {101},
year = {2012}
}

@article{Schwindt2007,
author = {Schwindt, Peter D. D. and Lindseth, Brad and Knappe, Svenja and Shah, Vishal and Kitching, John and Liew, Li-Anne},
doi = {10.1063/1.2709532},
issn = {00036951},
journal = {Applied Physics Letters},
number = {8},
pages = {081102},
title = {Chip-scale atomic magnetometer with improved sensitivity by use of the M[sub x] technique},
url = {http://scitation.aip.org/content/aip/journal/apl/90/8/10.1063/1.2709532},
volume = {90},
year = {2007}
}

@article{Bloom1962,
author = {Bloom, Arnold L.},
doi = {10.1364/AO.1.000061},
issn = {0003-6935},
journal = {Applied Optics},
month = jan,
number = {1},
pages = {61},
title = {{Principles of operation of the rubidium vapor magnetometer}},
url = {http://www.opticsinfobase.org/abstract.cfm?URI=ao-1-1-61},
volume = {1},
year = {1962}
}

@article{Hahn1950,
  title = {Spin echoes},
  author = {Hahn, Erwin L.},
  journal = {Physical Review},
  volume = {80},
  issue = {4},
  pages = {580--594},
  numpages = {0},
  year = {1950},
  month = nov,
  publisher = {American Physical Society},
  doi = {10.1103/PhysRev.80.580},
  url = {http://link.aps.org/doi/10.1103/PhysRev.80.580}
}

@article{Hahn1950a,
  title = {Nuclear induction due to free Larmor precession},
  author = {Hahn, Erwin L.},
  journal = {Physical Review},
  volume = {77},
  issue = {2},
  pages = {297--298},
  numpages = {0},
  year = {1950},
  month = jan,
  publisher = {American Physical Society},
  doi = {10.1103/PhysRev.77.297.2},
  url = {http://link.aps.org/doi/10.1103/PhysRev.77.297.2}
}


@article{Meiboom1958,
author = {Meiboom, S. and Gill, D.},
doi = {10.1063/1.1716296},
issn = {00346748},
journal = {Review of Scientific Instruments},
number = {8},
pages = {688},
title = {{Modified spin-echo method for measuring nuclear relaxation times}},
url = {http://scitation.aip.org/content/aip/journal/rsi/29/8/10.1063/1.1716296},
volume = {29},
year = {1958}
}

@article{Wang1965,
author = {Wang, Jui H.},
doi = {10.1021/j100782a510},
issn = {0022-3654},
journal = {The Journal of Physical Chemistry},
month = dec,
number = {12},
pages = {4412--4412},
title = {{Self-diffusion coefficients of water}},
url = {http://pubs.acs.org/doi/abs/10.1021/j100782a510},
volume = {69},
year = {1965}
}

@book{Burmeister1993,
address = {New York},
author = {Burmeister, Louis C},
edition = {2nd},
isbn = {9780471577096},
language = {English},
publisher = {Wiley},
title = {{Convective Heat Transfer}},
year = {1993}
}

@incollection{Keeler2013,
address = {Hoboken},
author = {Keeler, James},
booktitle = {Understanding NMR Spectroscopy},
chapter = {11},
edition = {2nd},
isbn = {9780470746080},
language = {English},
publisher = {Wiley},
title = {{Coherence selection: phase cycling and field gradient pulses}},
year = {2013}
}

@article{Bloom1955,
  title = {Nuclear induction in inhomogeneous fields},
  author = {Bloom, Arnold L.},
  journal = {Physical Review},
  volume = {98},
  issue = {4},
  pages = {1105--1111},
  numpages = {0},
  year = {1955},
  month = may,
  publisher = {American Physical Society},
  doi = {10.1103/PhysRev.98.1105},
  url = {http://link.aps.org/doi/10.1103/PhysRev.98.1105}
}
@article{Bloch1950,
title = "Nuclear induction",
journal = "Physica",
volume = "17",
number = "3–4",
pages = "272 - 281",
year = "1951",
issn = "0031-8914",
doi = "10.1016/0031-8914(51)90068-7",
url = "http://www.sciencedirect.com/science/article/pii/0031891451900687",
author = "Felix Bloch"
}

@article{Yashchuk2004,
  title = {Hyperpolarized xenon nuclear spins detected by optical atomic magnetometry},
  author = {Yashchuk, V. V. and Granwehr, J. and Kimball, D. F. and Rochester, S. M. and Trabesinger, A. H. and Urban, J. T. and Budker, D. and Pines, A.},
  journal = {Physical Review Letters},
  volume = {93},
  issue = {16},
  pages = {160801},
  numpages = {4},
  year = {2004},
  month = oct,
  publisher = {American Physical Society},
  doi = {10.1103/PhysRevLett.93.160801},
  url = {http://link.aps.org/doi/10.1103/PhysRevLett.93.160801}
}

@article{Webb1977,
author = {Webb, R. A.},
doi = {10.1063/1.1134950},
issn = {00346748},
journal = {Review of Scientific Instruments},
number = {12},
pages = {1585},
title = {{New technique for improved low-temperature SQUID NMR measurements}},
url = {http://scitation.aip.org/content/aip/journal/rsi/48/12/10.1063/1.1134950},
volume = {48},
year = {1977}
}

@article{Meredith1973,
author = {Meredith, D. J. and Pickett, G. R. and Symko, O. G.},
doi = {10.1007/BF00656548},
issn = {0022-2291},
journal = {Journal of Low Temperature Physics},
month = dec,
number = {5-6},
pages = {607--615},
title = {{Application of a SQUID magnetometer to NMR at low temperatures}},
url = {http://link.springer.com/10.1007/BF00656548},
volume = {13},
year = {1973}
}

@article{Maly2008,
author = {Maly, Thorsten and Debelouchina, Galia T and Bajaj, Vikram S and Hu, Kan-Nian and Joo, Chan-Gyu and Mak-Jurkauskas, Melody L and Sirigiri, Jagadishwar R and van der Wel, Patrick C A and Herzfeld, Judith and Temkin, Richard J and Griffin, Robert G},
doi = {10.1063/1.2833582},
issn = {0021-9606},
journal = {The Journal of Chemical Physics},
month = feb,
number = {5},
pages = {052211},
pmid = {18266416},
title = {{Dynamic nuclear polarization at high magnetic fields}},
url = {http://www.pubmedcentral.nih.gov/articlerender.fcgi?artid=2770872\&tool=pmcentrez\&rendertype=abstract},
volume = {128},
year = {2008}
}

@article{Lloyd2012,
author = {Lloyd, Lyrelle S and Adams, Ralph W and Bernstein, Michael and Coombes, Steven and Duckett, Simon B and Green, Gary G R and Lewis, Richard J and Mewis, Ryan E and Sleigh, Christopher J},
doi = {10.1021/ja3051052},
issn = {1520-5126},
journal = {Journal of the American Chemical Society},
month = aug,
number = {31},
pages = {12904--7},
pmid = {22812599},
title = {{Utilization of SABRE-derived hyperpolarization to detect low-concentration analytes via 1D and 2D NMR methods.}},
url = {http://www.ncbi.nlm.nih.gov/pubmed/22812599},
volume = {134},
year = {2012}
}

@article{Theis2011,
author = {Theis, T. and Ganssle, P. and Kervern, G. and Knappe, S. and Kitching, J. and Ledbetter, M. P. and Budker, D. and Pines, A.},
doi = {10.1038/nphys1986},
issn = {1745-2473},
journal = {Nature Physics},
month = may,
number = {7},
pages = {571--575},
title = {{Parahydrogen-enhanced zero-field nuclear magnetic resonance}},
url = {http://www.nature.com/doifinder/10.1038/nphys1986},
volume = {7},
year = {2011}
}

@article{Moresi2003,
author = {Moresi, Giorgio and Magin, Richard},
doi = {10.1002/cmr.b.10082},
issn = {1043-7347},
journal = {Concepts in Magnetic Resonance},
month = oct,
number = {1},
pages = {35--43},
title = {{Miniature permanent magnet for table-top NMR}},
url = {http://doi.wiley.com/10.1002/cmr.b.10082},
volume = {19B},
year = {2003}
}

@article{Kumar1975,
author={Kumar, Anil and Welti, Dieter and Ernst, Richard R},
doi = {10.1016/0022-2364(75)90224-3},
issn = {00222364},
journal = {Journal of Magnetic Resonance},
month = apr,
number = {1},
pages = {69--83},
title = {{NMR Fourier zeugmatography}},
url = {http://linkinghub.elsevier.com/retrieve/pii/0022236475902243},
volume = {18},
year = {1975}
}

@article{Mossle2006,
title = "SQUID-detected microtesla MRI in the presence of metal ",
journal = "Journal of Magnetic Resonance ",
volume = "179",
number = "1",
pages = "146 - 151",
year = "2006",
issn = "1090-7807",
doi = "10.1016/j.jmr.2005.11.005",
url = "http://www.sciencedirect.com/science/article/pii/S1090780705003617",
author = {Michael M\"{o}\"{s}le and Song-I Han and Whittier R. Myers and Seung-Kyun Lee and Nathan Kelso and Michael Hatridge and Alexander Pines and John Clarke}
}

@article{Kumar1975a,
author = {Kumar, A. and Welti, D. and Ernst, R. R.},
doi = {10.1007/BF00594040},
issn = {0028-1042},
journal = {Die Naturwissenschaften},
month = jan,
number = {1},
pages = {34--34},
title = {{Imaging of macroscopic objects by NMR Fourier zeugmatography}},
url = {http://link.springer.com/10.1007/BF00594040},
volume = {62},
year = {1975}
}

@article{McDermott2002,
author = {McDermott, Robert and Trabesinger, Andreas H and Muck, Michael and Hahn, Erwin L and Pines, Alexander and Clarke, John},
doi = {10.1126/science.1069280},
issn = {1095-9203},
journal = {Science},
month = mar,
number = {5563},
pages = {2247--9},
pmid = {11910105},
title = {{Liquid-state NMR and scalar couplings in microtesla magnetic fields.}},
url = {http://www.ncbi.nlm.nih.gov/pubmed/11910105},
volume = {295},
year = {2002}
}
@article{Ledbetter2009,
author = {Ledbetter, M P and Crawford, C W and Pines, A and Wemmer, D E and Knappe, S and Kitching, J and Budker, D},
doi = {10.1016/j.jmr.2009.03.008},
issn = {1096-0856},
journal = {Journal of Magnetic Resonance},
month = jul,
number = {1},
pages = {25--9},
pmid = {19406678},
title = {{Optical detection of NMR J-spectra at zero magnetic field.}},
url = {http://www.ncbi.nlm.nih.gov/pubmed/19406678},
volume = {199},
year = {2009}
}
@article{Theis2012,
author = {Theis, Thomas and Ledbetter, Micah P and Kervern, Gwendal and Blanchard, John W and Ganssle, Paul J and Butler, Mark C and Shin, Hyun D and Budker, Dmitry and Pines, Alexander},
doi = {10.1021/ja2112405},
issn = {1520-5126},
journal = {Journal of the American Chemical Society},
month = mar,
number = {9},
pages = {3987--90},
pmid = {22332806},
title = {{Zero-field NMR enhanced by parahydrogen in reversible exchange.}},
url = {http://www.ncbi.nlm.nih.gov/pubmed/22332806},
volume = {134},
year = {2012}
}
@article{Zax1984,
author = {Zax, D.B. and Bielecki, A. and Zilm, K.W. and Pines, A.},
doi = {10.1016/0009-2614(84)85381-6},
issn = {00092614},
journal = {Chemical Physics Letters},
month = may,
number = {6},
pages = {550--553},
title = {{Heteronuclear zero-field NMR}},
url = {http://linkinghub.elsevier.com/retrieve/pii/0009261484853816},
volume = {106},
year = {1984}
}

@article {Theis2013,
    title = {Chemical analysis using J-coupling multiplets in zero-field NMR},
    journal = {Chemical Physics Letters},
    year = {2013},
    isbn = {0009-2614},
    doi = {10.1016/j.cplett.2013.06.042},
    url = {http://www.sciencedirect.com/science/article/pii/S0009261413008191},
    author = {Theis, Thomas and Blanchard, John W. and Butler, Mark C. and Ledbetter, Micah P. and Budker, Dmitry and Pines, Alexander}
}
@article {Butler2013,
    title = {Multiplets at zero magnetic field: The geometry of zero-field NMR},
    journal = {The Journal of Chemical Physics},
    volume = {138},
    year = {2013},
    month = {05/14/},
    pages = {184202-15},
        doi={10.1063/1.4803144},
    url = {http://dx.doi.org/10.1063/1.4803144},
    author = {Butler, Mark C. and Ledbetter, Micah P. and Theis, Thomas and Blanchard, John W. and Budker, Dmitry and Pines, Alexander}
}

@article {Butler2013a,
    title = {Parahydrogen-induced polarization at zero magnetic field},
    journal = {The Journal of Chemical Physics},
    volume = {138},
    year = {2013},
    month = {06/2013},
    pages = {234201},
    doi = {doi: http://dx.doi.org/10.1063/1.4805062},
    url = {http://link.aip.org/link/?JCP/138/234201\&aemail=author},
    author = {Butler, Mark C. and Kervern, Gwendal and Theis, Thomas and Ledbetter, Micah P. and Ganssle, Paul J. and Blanchard, John W. and Budker, Dmitry and Pines, Alexander}
}

@article{Walker1997,
  title = {Spin-exchange optical pumping of noble-gas nuclei},
  author = {Walker, Thad G. and Happer, William},
  journal = {Reviews of Modern Physics},
  volume = {69},
  issue = {2},
  pages = {629--642},
  numpages = {0},
  year = {1997},
  month = apr,
  publisher = {American Physical Society},
  doi = {10.1103/RevModPhys.69.629},
  url = {http://link.aps.org/doi/10.1103/RevModPhys.69.629}
}

@article{Goodson2002,
author = {Goodson, Boyd M},
doi = {10.1006/jmre.2001.2341},
issn = {1090-7807},
journal = {Journal of Magnetic Resonance},
month = apr,
number = {2},
pages = {157--216},
pmid = {12036331},
title = {{Nuclear magnetic resonance of laser-polarized noble gases in molecules, materials, and organisms.}},
url = {http://www.ncbi.nlm.nih.gov/pubmed/12036331},
volume = {155},
year = {2002}
}

@article{Schroder2008,
  title = {Temperature response of $^{129}\mathrm{Xe}$ depolarization transfer and its application for ultrasensitive NMR detection},
  author = {Schr\"oder, Leif and Meldrum, Tyler and Smith, Monica and Lowery, Thomas J. and Wemmer, David E. and Pines, Alexander},
  journal = {Physical Review Letters},
  volume = {100},
  issue = {25},
  pages = {257603},
  numpages = {4},
  year = {2008},
  month = jun,
  publisher = {American Physical Society},
  doi = {10.1103/PhysRevLett.100.257603},
  url = {http://link.aps.org/doi/10.1103/PhysRevLett.100.257603}
}

@article{Dehmelt1957,
  title = {Slow spin relaxation of optically polarized sodium atoms},
  author = {Dehmelt, H. G.},
  journal = {Physical Review},
  volume = {105},
  issue = {5},
  pages = {1487--1489},
  numpages = {0},
  year = {1957},
  month = mar,
  publisher = {American Physical Society},
  doi = {10.1103/PhysRev.105.1487},
  url = {http://link.aps.org/doi/10.1103/PhysRev.105.1487}
}

@article{Bell1957,
  title = {Optical detection of magnetic resonance in alkali metal vapor},
  author = {Bell, William E. and Bloom, Arnold L.},
  journal = {Physical Review},
  volume = {107},
  issue = {6},
  pages = {1559--1565},
  numpages = {0},
  year = {1957},
  month = sep,
  publisher = {American Physical Society},
  doi = {10.1103/PhysRev.107.1559},
  url = {http://link.aps.org/doi/10.1103/PhysRev.107.1559}
}

@article{Bell1961,
  title = {Optically driven spin precession},
  author={Bell, William E. and Bloom, Arnold L.},
  journal = {Physical Review Letters},
  volume = {6},
  issue = {6},
  pages = {280--281},
  numpages = {0},
  year = {1961},
  month = mar,
  publisher = {American Physical Society},
  doi = {10.1103/PhysRevLett.6.280},
  url = {http://link.aps.org/doi/10.1103/PhysRevLett.6.280}
}
